@article{jrl2016,
	title={Local null controllability for degenerate parabolic equations with nonlocal term},
	author={Demarque, Reginaldo and L{\'\i}maco, Juan and Viana, Luiz},
	journal={Nonlinear Analysis: Real World Applications},
	volume={43},
	pages={523--547},
	year={2018},
	doi={10.1016/j.nonrwa.2018.04.001}
	}

@article{jrl2020EECT,
	title ={Local null controllability of coupled degenerate systems with nonlocal terms and one control force},
	author = {Demarque, R. and L\'{i}maco, J. and Viana, L.},
	journal ={Evolution Equations \& Control Theory},
	volume ={9},
	pages = {605},
	year ={2020},
	doi ={10.3934/eect.2020026}
}

@article{jlr2020carleman,
  title={Carleman inequality for a linear degenerate parabolic problem},
  author={Demarque, R and L{\'\i}maco, J and Viana, L},
  journal={arXiv:2010.14486},
  year={2020}
}

@article{araujo2022boundary,
  title={Boundary null controllability of degenerate heat equation as the limit of internal controllability},
  author={Ara{\'u}jo, Bruno S{\'e}rgio V and Demarque, Reginaldo and Viana, Luiz},
  journal={Nonlinear Analysis: Real World Applications},
  volume={66},
  pages={103519},
  year={2022},
  publisher={Elsevier}
}

@article{de2023null,
  title={Null controllability and numerical simulations for a class of degenerate parabolic equations with nonlocal nonlinearities},
  author={de Carvalho, PP and Demarque, R and L{\'\i}maco, J and Viana, L},
  journal={Nonlinear Differential Equations and Applications NoDEA},
  volume={30},
  number={3},
  pages={32},
  year={2023},
  publisher={Springer}
}

@article{araujo2022carleman,
  title={Carleman inequality for a class of super strong degenerate parabolic operators and applications},
  author={Ara{\'u}jo, Bruno SV and Demarque, Reginaldo and Viana, Luiz},
  journal={Electron. J. Qual. Theory Differ. Equ.},
  number={9},
  pages={1--25},
  year={2023}
}

@article{araujo2022regularity,
  title={Regularity results for degenerate wave equations in a neighborhood of the boundary},
  author={Ara{\'u}jo, Bruno SV and Demarque, Reginaldo and Viana, Luiz},
  journal={Evolution Equations and Control Theory},
  volume={12},
  number={5},
  pages={1300--1315},
  doi={10.3934/eect.2023013},
  year={2023}
}
