@book{djairo,
  title={Equações Diferenciais Aplicadas},
  author={Figueiredo, Djairo Guedes},
  publisher={Coleção Matemática Universitárias. IMPA},
  address={Rio de Janeiro},
  year={2012}
}


@book{stewart1,
  title={C{\'a}lculo, volume 1, 6a edi{\c{c}}{\~a}o},
  author={Stewart, James},
  publisher={Editora Cengage Learning},
  address={São Paulo},
  year={2011}
}

@book{boulos,
  title={Introdução ao C{\'a}lculo Volume II},
  author={Boulos, Paulo},
  publisher={Editora Edgar Bl\"ucher},
  address={Brasília},
  year={1974}
}


@book{Boyce,
  title={Equações Diferenciais Elementares e Problemas de Valor de Contorno},
  author={Boyce, W. E. and Diprima, R. C.},
  publisher={Editora Guanabara, 8a Ed.},
  address={Brasília},
  year={2005}
}


@book{cassago,
  title={Equações Diferenciais Ordinária},
  author={Cassago Jr, H. and Laderia, L. A. C.},
  publisher={USP},
  address={São Carlos},
  year={2011},
  url={https://sites.icmc.usp.br/tiago/index.html/assets/herminio_ladeira2.pdf}
}


@book{miranda,
  title={Mais uma Introdução às Equações Diferencias},
  author={Martins, Ricardo Miranda},
  publisher={Notas de Aula Unicamp},
  address={Unicamp},
  url={http://www.ime.unicamp.br/~rmiranda/notas-de-aula-ma311/notas-de-aula-ma311.pdf}
}

@book{oliveira,
  title={Equações Diferenciais Ordinária},
  author={Oliveria, E. C. de and Tygel, M.},
  publisher={SBM},
  address={Rio de Janeiro},
  year={2005}
}

@book{santos,
  title={Introdução às Equações Diferenciais Ordinárias},
  author={Santos, Reginaldo},
  publisher={Imprensa Universitária da UFMG},
  address={Belo Horizonte},
  url={https://regijs.github.io/index.html},
  year={2016}
}

@book{thomas1,
  title={Cálculo Volume 1},
  author={Thomas, G. B.},
  publisher={Editora Addison Wesley},
  edition={11a},
  address={São Paulo},
  year={2009}
}






