@book{poole2016,
  title={Álgebra Linear: uma introdução moderna},
  author={Poole, David},
  publisher={Editora Cengage Learning},
  address={São Paulo},
  year={2016}
}

@book{poole2004,
  title={Álgebra Linear},
  author={Poole, David},
  publisher={Editora Cengage Learning},
  address={São Paulo},
  year={2004}
}


@book{stewart2,
  title={C{\'a}lculo, volume 2, 6a edi{\c{c}}{\~a}o},
  author={Stewart, James},
  publisher={Editora Cengage Learning},
  address={São Paulo},
  year={2010}
}


@book{santosufmg,
  title={Um curso de Geometria Analítica e Álgebra Linear},
  author={Santos, Reginaldo J.},
  publisher={Imprensa Universitária da UFMG},
  address={Belo Horizonte},
  year={2014}
}









